<record><leader>00000cas a22000007a 4500</leader><controlfield tag="001">20900562</controlfield><controlfield tag="008">900115d18791942mouwr ne      0    0eng d</controlfield><datafield ind1=" " ind2=" " tag="010"><subfield code="a">sn 90061094 </subfield></datafield><datafield ind1=" " ind2=" " tag="040"><subfield code="a">MQN</subfield><subfield code="b">eng</subfield><subfield code="c">MQN</subfield><subfield code="d">OCLCQ</subfield></datafield><datafield ind1=" " ind2=" " tag="042"><subfield code="a">msc</subfield></datafield><datafield ind1="0" ind2=" " tag="130"><subfield code="a">Jonesburg journal (Jonesburg, Mo.)</subfield></datafield><datafield ind1="1" ind2="4" tag="245"><subfield code="a">The Jonesburg journal.</subfield></datafield><datafield ind1=" " ind2=" " tag="260"><subfield code="a">Jonesburg, Montgomery County, Mo. :</subfield><subfield code="b">William Dyer</subfield></datafield><datafield ind1=" " ind2=" " tag="300"><subfield code="a">v.</subfield></datafield><datafield ind1=" " ind2=" " tag="310"><subfield code="a">Weekly</subfield></datafield><datafield ind1="0" ind2=" " tag="362"><subfield code="a">Vol. 1, no. 1 (Nov. 13, 1879)-</subfield></datafield><datafield ind1="1" ind2=" " tag="362"><subfield code="a">Ceased in 1942?</subfield></datafield><datafield ind1=" " ind2="4" tag="651"><subfield code="a">Jonesburg (Mo.)</subfield><subfield code="v">Newspapers.</subfield></datafield><datafield ind1=" " ind2=" " tag="752"><subfield code="a">United States</subfield><subfield code="b">Missouri</subfield><subfield code="c">Montgomery</subfield><subfield code="d">Jonesburg.</subfield></datafield><datafield ind1="0" ind2="4" tag="785"><subfield code="t">Montgomery standard (Montgomery City, Mo. : 1869)</subfield><subfield code="w">(DLC)sn 85034027</subfield></datafield></record>